@Article{shirali2022survey,
  author  = {Shirali, Mohsen and Tefke, Tobias and Staudemeyer, Ralf C and Poehls, Henrich C},
  journal = {IEEE Access},
  title   = {A Survey on Anonymous Communication Systems with a Focus on Dining Cryptographers Networks},
  year    = {2023},
  month   = jan,
  doi     = {10.1109/ACCESS.2023.3242870},
}

@Conference{Tefke2023,
  author       = {Tefke, Tobias and Staudemeyer, Ralf C.},
  booktitle    = {Sicherheit in vernetzten Systemen. 30. DFN-Konferenz},
  title        = {Sicherheit in Microservice-Umgebungen},
  year         = {2023},
  editor       = {Ude, Albrecht},
  month        = feb,
  organization = {DFN-CERT},
  pages        = {D1-D21},
  publisher    = {Books on Demand},
  isbn         = {9-783756-881390},
}

@InProceedings{Shetty2020,
  author    = {Shrajna Shetty and Shubham Shetty and Varsha Vishwakarma and Smita Patil},
  title     = {Review Paper on Door Lock Security Systems},
  booktitle = {2020 IEEE International Conference on Convergence to Digital World Quo Vadis (ICCDW)},
  year      = {2020},
  pages     = {1-6},
  publisher = {IEEE},
  doi       = {10.1109/ICCDW45521.2020.9318636},
}
@Article{Edozie2020,
  author  = {Enerst Edozie and Kambale Vilaka},
  title   = {Design and Implementation of a Smart Sensor and RFID Door Lock Security System with Email Notification},
  journal = {International Journal of Engineering and Information Systems (IJEAIS)},
  volume  = {4},
  number  = {7},
  year    = {2020},
  pages   = {25-28},
  issn    = {2643-640X},
  url     = {https://www.researchgate.net/publication/350447051},
}

@Article{Ortiz2021,
  author  = {Celmar John Salinas Ortiz and Neneil Mendez and May Aisa and Max Angelo Dapitilla Perin},
  title   = {Implementing RFID Controlled Servo Motor Using Arduino},
  journal = {Proceedings of the IRCSMUA},
  year    = {2021},
  month   = {July},
  url     = {https://www.researchgate.net/publication/353235978},
}
@Article{Tewari2021,
  author  = {Anmol Tewari and Pawan Singh},
  title   = {Android App Development: A Review},
  journal = {Journal of Management and Service Science (JMSS)},
  volume  = {1},
  number  = {2},
  year    = {2021},
  pages   = {1-6},
  doi     = {10.54060/JMSS/001.02.006},
  url     = {https://a2zjournals.com/jmss/currentissue/htmlview/1},
}
@Misc{PINE64,
  author       = {PINE64},
  title        = {PineCone Wiki},
  howpublished = {\url{https://wiki.pine64.org/wiki/PineCone}},
  note         = {Accessed: 2024-11-10},
}
